@article{qchem2015,
author = {Yihan Shao and Zhengting Gan and Evgeny Epifanovsky and Andrew T.B. Gilbert and Michael Wormit and Joerg Kussmann and Adrian W. Lange and Andrew Behn and Jia Deng and Xintian Feng and Debashree Ghosh and Matthew Goldey and Paul R. Horn and Leif D. Jacobson and Ilya Kaliman and Rustam Z. Khaliullin and Tomasz KuÅ and Arie Landau and Jie Liu and Emil I. Proynov and Young Min Rhee and Ryan M. Richard and Mary A. Rohrdanz and Ryan P. Steele and Eric J. Sundstrom and H. Lee Woodcock III and Paul M. Zimmerman and Dmitry Zuev and Ben Albrecht and Ethan Alguire and Brian Austin and Gregory J. O. Beran and Yves A. Bernard and Eric Berquist and Kai Brandhorst and Ksenia B. Bravaya and Shawn T. Brown and David Casanova and Chun-Min Chang and Yunqing Chen and Siu Hung Chien and Kristina D. Closser and Deborah L. Crittenden and Michael Diedenhofen and Robert A. DiStasio Jr. and Hainam Do and Anthony D. Dutoi and Richard G. Edgar and Shervin Fatehi and Laszlo Fusti-Molnar and An Ghysels and Anna Golubeva-Zadorozhnaya and Joseph Gomes and Magnus W.D. Hanson-Heine and Philipp H.P. Harbach and Andreas W. Hauser and Edward G. Hohenstein and Zachary C. Holden and Thomas-C. Jagau and Hyunjun Ji and Benjamin Kaduk and Kirill Khistyaev and Jaehoon Kim and Jihan Kim and Rollin A. King and Phil Klunzinger and Dmytro Kosenkov and Tim Kowalczyk and Caroline M. Krauter and Ka Un Lao and AdÃšle D. Laurent and Keith V. Lawler and Sergey V. Levchenko and Ching Yeh Lin and Fenglai Liu and Ester Livshits and Rohini C. Lochan and Arne Luenser and Prashant Manohar and Samuel F. Manzer and Shan-Ping Mao and Narbe Mardirossian and Aleksandr V. Marenich and Simon A. Maurer and Nicholas J. Mayhall and Eric Neuscamman and C. Melania Oana and Roberto Olivares-Amaya and Darragh P. OâNeill and John A. Parkhill and Trilisa M. Perrine and Roberto Peverati and Alexander Prociuk and Dirk R. Rehn and Edina Rosta and Nicholas J. Russ and Shaama M. Sharada and Sandeep Sharma and David W. Small and Alexander Sodt and Tamar Stein and David StÃŒck and Yu-Chuan Su and Alex J.W. Thom and Takashi Tsuchimochi and Vitalii Vanovschi and Leslie Vogt and Oleg Vydrov and Tao Wang and Mark A. Watson and Jan Wenzel and Alec White and Christopher F. Williams and Jun Yang and Sina Yeganeh and Shane R. Yost and Zhi-Qiang You and Igor Ying Zhang and Xing Zhang and Yan Zhao and Bernard R. Brooks and Garnet K.L. Chan and Daniel M. Chipman and Christopher J. Cramer and William A. Goddard III and Mark S. Gordon and Warren J. Hehre and Andreas Klamt and Henry F. Schaefer III and Michael W. Schmidt and C. David Sherrill and Donald G. Truhlar and Arieh Warshel and Xin Xu and AlÃ¡n Aspuru-Guzik and Roi Baer and Alexis T. Bell and Nicholas A. Besley and Jeng-Da Chai and Andreas Dreuw and Barry D. Dunietz and Thomas R. Furlani and Steven R. Gwaltney and Chao-Ping Hsu and Yousung Jung and Jing Kong and Daniel S. Lambrecht and WanZhen Liang and Christian Ochsenfeld and Vitaly A. Rassolov and Lyudmila V. Slipchenko and Joseph E. Subotnik and Troy Van Voorhis and John M. Herbert and Anna I. Krylov and Peter M.W. Gill and Martin Head-Gordon},
journal = {Mol. Phys.},
volume = {113},
number = {2},
pages = {184-215},
year = {2015},
},

@Article{Salem1972,
author = {Salem, L. and Rowland, C.},
journal = {Angew. Chem. Int. Ed. Engl.},
volume = {11},
number = {2},
pages = {92--111},
year = {1972},
},

@Article{Pauli1925,
author = {Pauli, W.},
journal = {Z. Phys.},
volume = {31},
pages = {765},
year = {1925},
},

@Article{Hartree1928,
author = {Hartree, D.R.},
journal = {Proc. Cambride Phil. Soc.},
volume = {24},
pages = {89},
year = {1928},
},

@Article{Fock1930,
author = {Fock, V.},
journal = {Z. Phys.},
volume = {61},
pages = {126},
year = {1930},
},

@Book{Borden1982,
title = {"Diradicals"},
author = {Borden, W. T.},
publisher = {Wiley, New York},
year={1982}
},

@Article{Michl1987,
author = {Bona\v{c}i\'{c}-Kouteck\'{y}, V. and Kouteck\'{y}, J. and Michl, J.},
journal = {Angew. Chem. Int. Ed. Engl.},
volume = {26},
pages = {170},
year = {1987},
},

@article{Krylov2002,
   author = "Slipchenko, L. V. and Krylov, A. I.",
   journal = "J. Chem. Phys.",
   year = "2002",
   volume = "117",
   number = "10", 
   pages = "4694-4708",
},

@article{Gordon1998,
author = {Schmidt, M. W. and Gordon, M. S.},
journal = {A. Rev. Phys. Chem.},
volume = {49},
number = {1},
pages = {233-266},
year = {1998},
},

@article {Olsen2011,
author = {Olsen, Jeppe},
journal = {Int. J. Quant. Chem.},
volume = {111}, 
number = {13},
pages = {3267-3272},
year = {2011},
},

@book {Roos2007,
author = {Roos, B. O.},
title= {"Advances in chemical physics"},
publisher={John Wiley \& Sons, pp. 399-445},
year={2007}
},

@article{Knowles1988,
author = {Werner, H-J. and Knowles, P. J.},
journal = {J. Chem. Phys.},
volume = {89},
pages = {5803},
year = {1988},

},
@article{Shepard2012,
author = {Szalay, P. G. and M\"oller, T. and Gidofalvi, G. and Lischka, H. and Shepard, R.},
journal = {Chem. Rev.},
volume = {112},
number = {1},
pages = {108-181},
year = {2012},
},

@article{Mukherjee1999,
author = {Mahapatra, U. S. and Datta, B. and Mukherjee, D.},
journal = {J. Chem. Phys.},
volume = {101},
number = {6171},
year = {1999},
},

@article{Schaefer2007,
author = {Evangelista, F.A. and Allen, W.D. and Schaefer III, H.F.},
journal = {J. Chem. Phys.},
volume = {127},
number = {024102},
year = {2007},
},

@article{Gauss2008,
author = {Evangelista, F.A. and Simmonett, A.D. and Schaefer III, H.F.},
journal = {J. Chem. Phys.},
volume = {128},
number = {124104},
year = {2008},
},

@article{Schaefer2010,
author = {Evangelista, Prochnow, E. and Gauss, J. and Schaefer III, H.F.},
journal = {J. Chem. Phys.},
volume = {132},
number = {074107},
year = {2010},
},

@article{Lefrancois2015,
author = {Lefrancois, D. and Wormit, M. and Dreuw, A.},
journal = {J. Chem. Phys.},
volume = {143},
pages = {124107},
year = {2015},
},

@article{Krylov2001,
author = {Krylov, A. I.},
journal = {Chem. Phys. Lett.},
volume = {112},
pages = {375-384},
year = {2001},
},

@article{Krylov2006,
author = {Krylov, A. I.},
journal = {Acc. Chem. Res.},
volume = {39},
pages = {83-91},
year = {2006},
},


@article{Krylov2005,
author = {Slipchenko, L.V. and Krylov, A. I.},
journal = {J. Chem. Phys},
volume = {123},
number= {084107},
year = {2005},
},

@article{Krylov2004,
author = {Levchenko, S.V. and Krylov, A. I.},
journal = {J. Chem. Phys.},
volume = {120},
pages = {175-185},
year = {2004},
},

@article{Krylov2008,
author = {Manohar, P.U. and Krylov, A. I.},
journal = {J. Chem. Phys.},
volume = {129},
pages = {194105},
year = {2008},
},

@article{Krylov2001-2,
author = {Krylov, A. I.},
journal = {Chem Phys. Lett.},
volume = {350},
pages = {522-530},
year = {2001},
},

@article{Sherrill2002,
author = {Krylov, A. I. and Sherrill, C.D},
journal = {J. Chem. Phys.},
volume = {116},
pages = {3194-3203},
year = {2002},
},

@article{Head-Gordon2012,
author = {Zimmerman, P.M. and Bell, F. and Goldey, M. and Bell, A.T. and Head-Gordon, M.},
journal = {J. Chem. Phys.},
volume = {137},
pages = {164110},
year = {2012},
},

@article{Head-Gordon2009,
author = {Casanova, D. and Head-Gordon, M.},
journal = {Phys. Chem. Chem. Phys},
volume = {11},
pages = {9779-9790},
year = {209},
},

@article{Krylov2003,
author = {Shao, Y. and Head-Gordon, M. and Krylov, A. I.},
journal = {J. Chem. Phys.},
volume = {118},
pages = {4807-4818},
year = {2003},
},

@article{Krylov2000,
author = {Anna I. Krylov},
year = {2000},
journal = {J. Chem. Phys.},
volume = {113},
number = {15},
pages = {6052-6062},
},

@article{Krylov2012,
author = {Bernard, Y. A. and Shao, Y. and A. I. Krylov},
year = {2012},
journal = {J. Chem. Phys.},
volume = {136},
pages = {204103},
},

@article{Rehn2015,
author = {Rehn, D. and Wormit, M. and Dreuw, A.},
year = {2015},
journal = {in preparation},
},

@article{Schirmer1995,
  author={A. B. Trofimov and J. Schirmer},
  journal={J. Phys. B: Atom., Mol. and Opt. Phys.},
  volume={28},
  number={12},
  pages={2299},
  year={1995},
},

@article{Schirmer1982,
  author = {J. Schirmer},
  journal = {Phys. Rev. A},
  year = {1982},
  volume = {26},
  pages = {2395-2416}
},

@article{Schirmer2004,
author = {J. Schirmer and A. B. Trofimov},
year = {2004},
journal = {J. Chem. Phys.},
volume = {120},
number = {24},
pages = {11449-11464},
},

@article{Starcke2009,
author = {Starcke, J.H. and Wormit, M. and Dreuw, A.},
year = {2009},
journal = {J. Chem. Phys.},
volume = {130},
number = {024104},
},

 @article{Pernpointner2014,
   author = "Pernpointner, M.",
   journal = "J. Chem. Phys.",
   year = "2014",
   volume = "140",
   page = "084108"
   },
   
@article{Wenzel2014,
author = {Wenzel, J. and Wormit, M. and Dreuw, A.},
journal = {J. Chem. Theo. and Comp.},
volume = {10},
number = {10},
pages = {4583-4598},
year = {2014},
},

@article {Wenzel2014-2,
author = {Wenzel, J. and Wormit, M. and Dreuw, A.},
journal = {J. Comp. Chem.},
volume = {35},
number = {26},
pages = {1900-1915},
year = {2014},
},

@article {Wenzel2015,
author = {Wenzel, J. and Holzer, A. and Wormit, M. and Dreuw, A.},
journal = {J. Chem. Phys.},
pages = {213104},
number = {142},
year = {2015},
},

@article{Schneider2015,
author = {Schneider, M. and Wormit, M. and Dreuw, A.},
year = {2015},
journal = {in preparation},
},

@article{Krylov2009,
author = {Casanova, D. and Slipchenko, L. V. and Krylov, A. I and Head-Gordon, M.},
journal = {J. Chem. Phys.},
year = {2009},
volume = {130},
number = {4},
pages = {044103},
},

@article{Davidson1989,
author = {Davidson, E.R.},
journal = {Comput. Phys. Comm.},
year = {1989},
volume = {53},
pages = {49},
},

@article{Ziegler2005,
Author = {Wang, F. and Ziegler, T.},
Journal = {J. Chem. Phys.},
Number = {7},
Pages = {074109},
Volume = {122},
Year = {2005},
},

@article{Yang2015,
author = {Yang, Y. and Peng, D. and Davidson, E. R. and Yang, W.},
journal = {J. Phys. Chem. A},
volume = {119},
number = {20},
pages = {4923-4932},
year = {2015},
},

@article{Yang2011,
author = {Ess, D. H. and Johnson, E. R. and Hu, X. and Yang, W.},
journal = {J. Phys. Chem. A},
volume = {115},
number = {1},
pages = {76-83},
year = {2011},
},

@Book{Herzberg1979,
title = {"Molecular Spectra and Molecular Structure: Constants of Diatomic Molecules"},
author = {Herzberg, G. and Huber, K.},
publisher = {Van Nostrand Reinhold: New York},
year={1982}
},

@article{Jensen2000,
journal = "J. Mol. Struct. ",
volume = "517-518",
pages = "247 - 264",
year = "2000",
author = "J.-P. Gu and G. Hirsch and R.J. Buenker and M. Brumm and G. Osmann and P.R. Bunker and P. Jensen",
},

@article{Lineberger1996,
author = {Wenthold, Paul G. and Hu, Jun and Squires, Robert R. and Lineberger, W. C.},
journal = {J. Am. Chem. Soc.},
volume = {118},
number = {2},
pages = {475-476},
year = {1996},
},

@article{Lineberger1998,
author = {Wenthold, P. G. and Squires, R. R. and Lineberger, W. C.},
journal = {J. Am. Chem. Soc.},
volume = {120},
number = {21},
pages = {5279-5290},
year = {1998},
},

@article{Kraemer1997,
journal = "J. Mol. Spect. ",
volume = "186",
number = "2",
pages = "319 - 334",
year = "1997",
author = "Osmann, G. and Bunker, P.R. and Jensen, P. and Kraemer, W.P.",
},

@article{Ruscic1987,
Author = {Berkowitz, J. and Greene, J. P. and Cho, H. and Ru\v{s}\v{c}i\'{c}, B.},
Journal = {J. Chem. Phys.},
Number = {3},
Pages = {1235},
Volume = {86},
Year = {1987},
},

@article{Campargue1998,
Author = {Escribano, R.and Campargue, A.},
Journal = {J. Chem. Phys.},
Number = {15},
Pages = {6249},
Volume = {108},
Year = {1998},
},

@article{Cho1989,
Author = {Berkowitz, J. and Cho, H.},
Journal = {J. Chem. Phys.},
Number = {90},
Pages = {1-6},
Volume = {90},
Year = {1989},
},

@article{Bunker1998,
Author = {Jensen, P. and Bunker, P.R.},
Journal = {J. Chem. Phys.},
Number = {89},
Pages = {1327},
Year = {1998},
},

@Book{Sventitskii1968,
title = {"Tables of Spectral Lines of Neutral and Ionized Atoms"},
author = {Striganov, A.R. and Sventitskii, N.S.},
publisher = {Plenum, New York},
year={1968}
},

@article{Dunning1989,
   author = "Dunning, T. H.",
Journal = {J. Chem. Phys.},
   year = "1989",
   volume = "90",
   number = "2", 
   pages = "1007-1023",
   },

@article{Michl2010,
  author={Smith, M.B and Michl, J.},
  journal={Chem. rev.},
  volume={110},
  number={11},
  pages={6891--6936},
  year={2010},
},

@article{Michl2013,
  author={Smith, M. B and Michl, J.},
  journal={Ann. rev. phys. chem.},
  volume={64},
  pages={361--386},
  year={2013},
},

@article{Michl2006,
  author={Paci, Irina and Johnson, Justin C and Chen, Xudong and Rana, Geeta and Popovic, Du{\v{s}}ka and David, Donald E and Nozik, Arthur J and Ratner, Mark A and Michl, Josef},
  journal={J. Am. Chem. Soc.},
  volume={128},
  number={51},
  pages={16546-16553},
  year={2006},
},

@article{Michl2010-2,
  author={Johnson, Justin C and Nozik, Arthur J and Michl, Josef},
  journal={J. Am. Chem. Soc.},
  volume={132},
  number={46},
  pages={16302-16303},
  year={2010},
},

@article{Baldo2011,
  author={Jadhav, Priya J and Mohanty, Aseema and Sussman, Jason and Lee, Jiye and Baldo, Marc A},
  journal={Nano lett.},
  volume={11},
  number={4},
  pages={1495-1498},
  year={2011},
},

@article{Musgrave2010,
  author={Zimmerman, Paul M and Zhang, Zhiyong and Musgrave, Charles B},
  journal={Nature chem.},
  volume={2},
  number={8},
  pages={648-652},
  year={2010},
},

@article{Greenham2012,
  author={Ehrler, Bruno and Wilson, Mark WB and Rao, Akshay and Friend, Richard H and Greenham, Neil C},
  journal={Nano lett.},
  volume={12},
  number={2},
  pages={1053-1057},
  year={2012},
}


